@inproceedings{Micire:2009:ANG:1731903.1731912,
	author = {Micire, Mark and Desai, Munjal and Courtemanche, Amanda and Tsui, Katherine M. and Yanco, Holly A.},
	title = {Analysis of Natural Gestures for Controlling Robot Teams on Multi-touch Tabletop Surfaces},
	booktitle = {Proceedings of the ACM International Conference on Interactive Tabletops and Surfaces},
	series = {ITS '09},
	year = {2009},
	isbn = {978-1-60558-733-2},
	location = {Banff, Alberta, Canada},
	pages = {41--48},
	numpages = {8},
	url = {http://doi.acm.org/10.1145/1731903.1731912},
	doi = {10.1145/1731903.1731912},
	acmid = {1731912},
	publisher = {ACM},
	address = {New York, NY, USA},
	keywords = {gestures, human-computer interaction, human-robot interaction, multi-touch, robot control, tabletop interface},
} 

@article{arvin2009development,
  title={Development of a miniature robot for swarm robotic application},
  author={Arvin, Farshad and Samsudin, Khairulmizam and Ramli, Abdul Rahman},
  journal={sensors},
  volume={1793},
  pages={8163},
  year={2009}
}

@article{rubenstein2014kilobot,
	title={Kilobot: A low cost robot with scalable operations designed for collective behaviors},
	author={Rubenstein, Michael and Ahler, Christian and Hoff, Nick and Cabrera, Adrian and Nagpal, Radhika},
	journal={Robotics and Autonomous Systems},
	volume={62},
	number={7},
	pages={966--975},
	year={2014},
	publisher={Elsevier}
}

@incollection{seyfried2005swarm,
	title={The I-SWARM project: Intelligent small world autonomous robots for micro-manipulation},
	author={Seyfried, J{\"o}rg and Szymanski, Marc and Bender, Natalie and Estana, Ramon and Thiel, Michael and W{\"o}rn, Heinz},
	booktitle={Swarm Robotics},
	pages={70--83},
	year={2005},
	publisher={Springer}
}

@inproceedings{mclurkin2006speaking,
	title={Speaking Swarmish: Human-Robot Interface Design for Large Swarms of Autonomous Mobile Robots.},
	author={McLurkin, James and Smith, Jennifer and Frankel, James and Sotkowitz, David and Blau, David and Schmidt, Brian},
	booktitle={AAAI Spring Symposium: To Boldly Go Where No Human-Robot Team Has Gone Before},
	pages={72--75},
	year={2006}
}

@inproceedings{bonani2010marxbot,
	title={The MarXbot, a miniature mobile robot opening new perspectives for the collective-robotic research},
	author={Bonani, Michael and Longchamp, Valentin and Magnenat, St{\'e}phane and R{\'e}tornaz, Philippe and Burnier, Daniel and Roulet, Gilles and Vaussard, Florian and Bleuler, Hannes and Mondada, Francesco},
	booktitle={Intelligent Robots and Systems (IROS), 2010 IEEE/RSJ International Conference on},
	pages={4187--4193},
	year={2010},
	organization={IEEE}
}

@inproceedings{daily2003world,
	title={World embedded interfaces for human-robot interaction},
	author={Daily, Mike and Cho, Youngkwan and Martin, Kevin and Payton, Dave},
	booktitle={System Sciences, 2003. Proceedings of the 36th Annual Hawaii International Conference on},
	pages={6--pp},
	year={2003},
	organization={IEEE}
}

@inproceedings{caprari1998autonomous,
	title={The autonomous micro robot “alice”: a platform for scientific and commercial applications},
	author={Caprari, Gilles and Balmer, Patrick and Piguet, Ralph and Siegwart, Roland},
	booktitle={Micromechatronics and Human Science, 1998. MHS'98. Proceedings of the 1998 International Symposium on},
	pages={231--235},
	year={1998},
	organization={IEEE}
}

@inproceedings{haverinen2005miniature,
	title={A miniature mobile robot with a color stereo camera system for swarm robotics research},
	author={Haverinen, Janne and Parpala, Mikko and Roning, J},
	booktitle={Robotics and Automation, 2005. ICRA 2005. Proceedings of the 2005 IEEE International Conference on},
	pages={2483--2486},
	year={2005},
	organization={IEEE}
}

@article{chen2011supervisory,
	title={Supervisory control of multiple robots: Human-performance issues and user-interface design},
	author={Chen, Jessie YC and Barnes, Michael J and Harper-Sciarini, Michelle},
	journal={Systems, Man, and Cybernetics, Part C: Applications and Reviews, IEEE Transactions on},
	volume={41},
	number={4},
	pages={435--454},
	year={2011},
	publisher={IEEE}
}

@inproceedings{harriott2014biologically,
	title={Biologically-Inspired Human-Swarm Interaction Metrics},
	author={Harriott, Caroline E and Seiffert, Adriane E and Hayes, Sean T and Adams, Julie A},
	booktitle={Proceedings of the Human Factors and Ergonomics Society Annual Meeting},
	volume={58},
	pages={1471--1475},
	year={2014},
	organization={SAGE Publications}
}

@inproceedings{manning2015heuristic,
	title={Heuristic Evaluation of Swarm Metrics' Effectiveness},
	author={Manning, Matthew D and Harriott, Caroline E and Hayes, Sean T and Adams, Julie A and Seiffert, Adriane E},
	booktitle={Proceedings of the Tenth Annual ACM/IEEE International Conference on Human-Robot Interaction Extended Abstracts},
	pages={17--18},
	year={2015},
	organization={ACM}
}

@inproceedings{hayes2010multi,
	title={Multi-touch interaction for tasking robots},
	author={Hayes, Sean Timothy and Hooten, Eli R and Adams, Julie A},
	booktitle={Proceedings of the 5th ACM/IEEE international conference on Human-robot interaction},
	pages={97--98},
	year={2010},
	organization={IEEE Press}
}

@inproceedings{jantz1997kinetics,
	title={Kinetics of robotics: The development of universal metrics in robotic swarms},
	author={Jantz, S and Doty, K and Bagnell, J and Zapata, I},
	booktitle={Florida Conference on Recent Advances in Robotics},
	year={1997},
	organization={Citeseer}
}

@article{vicente2002ecological,
	title={Ecological interface design: Progress and challenges},
	author={Vicente, Kim J},
	journal={Human Factors: The Journal of the Human Factors and Ergonomics Society},
	volume={44},
	number={1},
	pages={62--78},
	year={2002},
	publisher={Sage Publications}
}

@article{vicente1992ecological,
	title={Ecological interface design: Theoretical foundations},
	author={Vicente, Kim J and Rasmussen, Jens},
	journal={Systems, Man and Cybernetics, IEEE Transactions on},
	volume={22},
	number={4},
	pages={589--606},
	year={1992},
	publisher={IEEE}
}

@article{evans2000programming,
	title={Programming the Swarm},
	author={Evans, David},
	journal={University of Virginia},
	year={2000}
}

@inproceedings{bachrach2007continuous,
	title={Continuous space-time semantics allow adaptive program execution},
	author={Bachrach, Jonathan and Beal, Jacob and Fujiwara, Takeshi},
	booktitle={Self-Adaptive and Self-Organizing Systems, 2007. SASO'07. First International Conference on},
	pages={315--319},
	year={2007},
	organization={IEEE}
}

@article{mason2003programming,
	title={Programming with stigmergy: using swarms for construction},
	author={Mason, Zachary},
	journal={Proceedings of Artificial Life},
	volume={8},
	pages={371--374},
	year={2003}
}

@article{nicola2014formal,
	title={A formal approach to autonomic systems programming: The SCEL Language},
	author={Nicola, Rocco De and Loreti, Michele and Pugliese, Rosario and Tiezzi, Francesco},
	journal={ACM Transactions on Autonomous and Adaptive Systems (TAAS)},
	volume={9},
	number={2},
	pages={7},
	year={2014},
	publisher={ACM}
}

@inproceedings{magnenat2008scripting,
	title={Scripting the swarm: event-based control of microcontroller-based robots.},
	author={Magnenat, St{\'e}phane and R{\'e}tornaz, Philippe and Noris, Basilio and Mondada, Francesco},
	booktitle={SIMPAR 2008 Workshop Proceedings},
	year={2008}
}

@inproceedings{revzen2011structure,
	title={Structure synthesis on-the-fly in a modular robot},
	author={Revzen, Shai and Bhoite, Mohit and Macasieb, Antonio and Yim, Mark},
	booktitle={Intelligent Robots and Systems (IROS), 2011 IEEE/RSJ International Conference on},
	pages={4797--4802},
	year={2011},
	organization={IEEE}
}

@inproceedings{wawerla2002collective,
	title={Collective construction with multiple robots},
	author={Wawerla, Jens and Sukhatme, Gaurav S and Mataric, Maja J},
	booktitle={Intelligent Robots and Systems, 2002. IEEE/RSJ International Conference on},
	volume={3},
	pages={2696--2701},
	year={2002},
	organization={IEEE}
}

@inproceedings{palmer2005emergence,
	title={Emergence-oriented programming},
	author={Palmer, Daniel W and Kirschenbaum, Marc and Seiter, Linda},
	booktitle={Systems, Man and Cybernetics, 2005 IEEE International Conference on},
	volume={2},
	pages={1441--1448},
	year={2005},
	organization={IEEE}
}

@article{beal2006infrastructure,
	title={Infrastructure for engineered emergence on sensor/actuator networks},
	author={Beal, Jacob and Bachrach, Jonathan},
	journal={Intelligent Systems, IEEE},
	volume={21},
	number={2},
	pages={10--19},
	year={2006},
	publisher={IEEE}
}

@inproceedings{servat2002combining,
	title={Combining amorphous computing and reactive agent-based systems: a paradigm for pervasive intelligence?},
	author={Servat, David and Drogoul, Alexis},
	booktitle={Proceedings of the first international joint conference on Autonomous agents and multiagent systems: part 1},
	pages={441--448},
	year={2002},
	organization={ACM}
}

@inproceedings{stubbs2008using,
	title={Using a robot proxy to create common ground in exploration tasks},
	author={Stubbs, Kristen and Wettergreen, David and Nourbakhsh, Illah},
	booktitle={Human-Robot Interaction (HRI), 2008 3rd ACM/IEEE International Conference on},
	pages={375--382},
	year={2008},
	organization={IEEE}
}

@article{parasuraman2000model,
	title={A model for types and levels of human interaction with automation},
	author={Parasuraman, Raja and Sheridan, Thomas B and Wickens, Christopher D},
	journal={Systems, Man and Cybernetics, Part A: Systems and Humans, IEEE Transactions on},
	volume={30},
	number={3},
	pages={286--297},
	year={2000},
	publisher={IEEE}
}

@incollection{nagpal2004catalog,
	title={A catalog of biologically-inspired primitives for engineering self-organization},
	author={Nagpal, Radhika},
	booktitle={Engineering Self-Organising Systems},
	pages={53--62},
	year={2004},
	publisher={Springer}
}

@incollection{mamei2003co,
	title={Co-fields: Towards a unifying approach to the engineering of swarm intelligent systems},
	author={Mamei, Marco and Zambonelli, Franco and Leonardi, Letizia},
	booktitle={Engineering Societies in the Agents World III},
	pages={68--81},
	year={2003},
	publisher={Springer}
}

@incollection{nagpal2004engineering,
	title={Engineering amorphous computing systems},
	author={Nagpal, Radhika and Mamei, Marco},
	booktitle={Methodologies and Software Engineering for Agent Systems},
	pages={303--320},
	year={2004},
	publisher={Springer}
}

@inproceedings{katzenelson2000notes,
	title={Notes on amorphous computing},
	author={Katzenelson, Jacob},
	booktitle={MIT Artificial Intelligence Laboratory},
	year={2000},
	organization={Citeseer}
}

@article{napp2011compositional,
	title={A compositional framework for programming stochastically interacting robots},
	author={Napp, Nils and Klavins, Eric},
	journal={The International Journal of Robotics Research},
	volume={30},
	number={6},
	pages={713--729},
	year={2011},
	publisher={SAGE Publications}
}

@article{dorigo2004evolving,
	title={Evolving self-organizing behaviors for a swarm-bot},
	author={Dorigo, Marco and Trianni, Vito and {\c{S}}ahin, Erol and Gro{\ss}, Roderich and Labella, Thomas H and Baldassarre, Gianluca and Nolfi, Stefano and Deneubourg, Jean-Louis and Mondada, Francesco and Floreano, Dario and others},
	journal={Autonomous Robots},
	volume={17},
	number={2-3},
	pages={223--245},
	year={2004},
	publisher={Springer}
}

@inproceedings{bahgecci2005evolving,
	title={Evolving aggregation behaviors for swarm robotic systems: A systematic case study},
	author={Bahge{\c{c}}i, E and Sahin, Erol},
	booktitle={Swarm Intelligence Symposium, 2005. SIS 2005. Proceedings 2005 IEEE},
	pages={333--340},
	year={2005},
	organization={IEEE}
}

@inproceedings{palmer2005behavioral,
	title={Behavioral feedback as a catalyst for emergence in multi-agent systems},
	author={Palmer, Daniel W and Kirschenbaum, Marc and Seiter, Linda M and Shifflet, Jason and Kovacina, Peter},
	booktitle={Advanced Intelligent Mechatronics. Proceedings, 2005 IEEE/ASME International Conference on},
	pages={1575--1580},
	year={2005},
	organization={IEEE}
}

@phdthesis{mclurkin2004stupid,
	title={Stupid robot tricks: A behavior-based distributed algorithm library for programming swarms of robots},
	author={McLurkin, James Dwight},
	year={2004},
	school={Massachusetts Institute of Technology}
}

@inproceedings{payton2001pheromone,
	title={Pheromone robotics},
	author={Payton, David W and Daily, Michael J and Hoff, Bruce and Howard, Michael D and Lee, Craig L},
	booktitle={Intelligent Systems and Smart Manufacturing},
	pages={67--75},
	year={2001},
	organization={International Society for Optics and Photonics}
}

@article{payton2003compound,
	title={Compound behaviors in pheromone robotics},
	author={Payton, David and Estkowski, Regina and Howard, Mike},
	journal={Robotics and Autonomous Systems},
	volume={44},
	number={3},
	pages={229--240},
	year={2003},
	publisher={Elsevier}
}

@article{galindo2004improving,
	title={Improving efficiency in mobile robot task planning through world abstraction},
	author={Galindo, Cipriano and Fernandez-Madrigal, J-A and Gonzalez, Javier},
	journal={Robotics, IEEE Transactions on},
	volume={20},
	number={4},
	pages={677--690},
	year={2004},
	publisher={IEEE}
}

@inproceedings{bergbreiter2003cotsbots,
  title={Cotsbots: An off-the-shelf platform for distributed robotics},
  author={Bergbreiter, Sarah and Pister, Kristofer SJ},
  booktitle={Intelligent Robots and Systems, 2003.(IROS 2003). Proceedings. 2003 IEEE/RSJ International Conference on},
  volume={2},
  pages={1632--1637},
  year={2003},
  organization={IEEE}
}

@article{soule2011cotsbots,
  title={COTSBots: computationally powerful, low-cost robots for Computer Science curriculums},
  author={Soule, Terence and Heckendorn, Robert B},
  journal={Journal of Computing Sciences in Colleges},
  volume={27},
  number={1},
  pages={180--187},
  year={2011},
  publisher={Consortium for Computing Sciences in Colleges}
}

@inproceedings{dragone2007using,
  title={Using mixed reality agents as social interfaces for robots},
  author={Dragone, Mauro and Holz, Thomas and O'Hare, Gregory MP},
  booktitle={Robot and Human interactive Communication, 2007. RO-MAN 2007. The 16th IEEE International Symposium on},
  pages={1161--1166},
  year={2007},
  organization={IEEE}
}

@inproceedings{monajjemi2013hri,
  title={Hri in the sky: Creating and commanding teams of uavs with a vision-mediated gestural interface},
  author={Monajjemi, Valiallah Mani and Wawerla, Jens and Vaughan, Rodney and Mori, Greg},
  booktitle={Intelligent Robots and Systems (IROS), 2013 IEEE/RSJ International Conference on},
  pages={617--623},
  year={2013},
  organization={IEEE}
}

@article{napp2011compositional,
  title={A compositional framework for programming stochastically interacting robots},
  author={Napp, Nils and Klavins, Eric},
  journal={The International Journal of Robotics Research},
  volume={30},
  number={6},
  pages={713--729},
  year={2011},
  publisher={SAGE Publications}
}

@article{dorigo2004evolving,
  title={Evolving self-organizing behaviors for a swarm-bot},
  author={Dorigo, Marco and Trianni, Vito and {\c{S}}ahin, Erol and Gro{\ss}, Roderich and Labella, Thomas H and Baldassarre, Gianluca and Nolfi, Stefano and Deneubourg, Jean-Louis and Mondada, Francesco and Floreano, Dario and others},
  journal={Autonomous Robots},
  volume={17},
  number={2-3},
  pages={223--245},
  year={2004},
  publisher={Springer}
}

@inproceedings{payton2001pheromone,
  title={Pheromone robotics},
  author={Payton, David W and Daily, Michael J and Hoff, Bruce and Howard, Michael D and Lee, Craig L},
  booktitle={Intelligent Systems and Smart Manufacturing},
  pages={67--75},
  year={2001},
  organization={International Society for Optics and Photonics}
}

@article{payton2003compound,
  title={Compound behaviors in pheromone robotics},
  author={Payton, David and Estkowski, Regina and Howard, Mike},
  journal={Robotics and Autonomous Systems},
  volume={44},
  number={3},
  pages={229--240},
  year={2003},
  publisher={Elsevier}
}

@article{galindo2004improving,
  title={Improving efficiency in mobile robot task planning through world abstraction},
  author={Galindo, Cipriano and Fernandez-Madrigal, Juan-Antonio and Gonzalez, Jose},
  journal={Robotics, IEEE Transactions on},
  volume={20},
  number={4},
  pages={677--690},
  year={2004},
  publisher={IEEE}
}
@article{brambilla2013swarm,
  title={Swarm robotics: a review from the swarm engineering perspective},
  author={Brambilla, Manuele and Ferrante, Eliseo and Birattari, Mauro and Dorigo, Marco},
  journal={Swarm Intelligence},
  volume={7},
  number={1},
  pages={1--41},
  year={2013},
  publisher={Springer}
}

@incollection{nagpal2004engineering,
  title={Engineering amorphous computing systems},
  author={Nagpal, Radhika and Mamei, Marco},
  booktitle={Methodologies and Software Engineering for Agent Systems},
  pages={303--320},
  year={2004},
  publisher={Springer}
}

@incollection{mamei2003co,
  title={Co-fields: Towards a unifying approach to the engineering of swarm intelligent systems},
  author={Mamei, Marco and Zambonelli, Franco and Leonardi, Letizia},
  booktitle={Engineering Societies in the Agents World III},
  pages={68--81},
  year={2003},
  publisher={Springer}
}

@incollection{nagpal2004catalog,
  title={A catalog of biologically-inspired primitives for engineering self-organization},
  author={Nagpal, Radhika},
  booktitle={Engineering Self-Organising Systems},
  pages={53--62},
  year={2004},
  publisher={Springer}
}

@article{beal2006infrastructure,
  title={Infrastructure for engineered emergence on sensor/actuator networks},
  author={Beal, Jacob and Bachrach, Jonathan},
  journal={Intelligent Systems, IEEE},
  volume={21},
  number={2},
  pages={10--19},
  year={2006},
  publisher={IEEE}
}

@inproceedings{wawerla2002collective,
  title={Collective construction with multiple robots},
  author={Wawerla, Jens and Sukhatme, Gawav S and Matari{\'c}, Maja J},
  booktitle={Intelligent Robots and Systems, 2002. IEEE/RSJ International Conference on},
  volume={3},
  pages={2696--2701},
  year={2002},
  organization={IEEE}
}

@inproceedings{palmer2005emergence,
  title={Emergence-oriented programming},
  author={Palmer, Daniel W and Kirschenbaum, Marc and Seiter, Linda},
  booktitle={Systems, Man and Cybernetics, 2005 IEEE International Conference on},
  volume={2},
  pages={1441--1448},
  year={2005},
  organization={IEEE}
}

@article{bowyer2000automated,
  title={Automated construction using co-operating biomimetic robots},
  author={Bowyer, Adrian},
  journal={University of Bath Department of Mechanical Engineering Technical Report (November 2000)},
  year={2000}
}

@inproceedings{Daily:2003:WEI:820752.821587,
 author = {Daily, Mike and Cho, Youngkwan and Martin, Kevin and Payton, Dave},
 title = {World Embedded Interfaces for Human-Robot Interaction},
 booktitle = {Proceedings of the 36th Annual Hawaii International Conference on System Sciences (HICSS'03) - Track 5 - Volume 5},
 series = {HICSS '03},
 year = {2003},
 isbn = {0-7695-1874-5},
 pages = {125.2--},
 url = {http://dl.acm.org/citation.cfm?id=820752.821587},
 acmid = {821587},
 publisher = {IEEE Computer Society},
 address = {Washington, DC, USA},
 keywords = {Augmented reality, robot swarm, human-robot interface},
} 

@inproceedings{Kato:2009:MIC:1520340.1520500,
 author = {Kato, Jun and Sakamoto, Daisuke and Inami, Masahiko and Igarashi, Takeo},
 title = {Multi-touch Interface for Controlling Multiple Mobile Robots},
 booktitle = {CHI '09 Extended Abstracts on Human Factors in Computing Systems},
 series = {CHI EA '09},
 year = {2009},
 isbn = {978-1-60558-247-4},
 location = {Boston, MA, USA},
 pages = {3443--3448},
 numpages = {6},
 url = {http://doi.acm.org/10.1145/1520340.1520500},
 doi = {10.1145/1520340.1520500},
 acmid = {1520500},
 publisher = {ACM},
 address = {New York, NY, USA},
 keywords = {entertainment robot, home robot, human robot interaction, multi-touch interface, multiple-robot operation},
} 




